<?xml version='1.0' encoding='utf-8'?>
<record xmlns="http://www.loc.gov/MARC21/slim" xmlns:xsi="http://www.w3.org/2001/XMLSchema-instance">
  <leader>00000cmm^a2200409^a^4500</leader>
  <controlfield tag="001">005077521</controlfield>
  <controlfield tag="005">20051103130557.0</controlfield>
  <controlfield tag="007">co^cg^^^^m^^^^</controlfield>
  <controlfield tag="008">030423s2002^^^^mnu^^^^f^^^m^f^^^^^^eng^d</controlfield>
  <datafield tag="035" ind1=" " ind2=" ">
    <subfield code="a">(OCoLC)ocm52112198</subfield>
  </datafield>
  <datafield tag="040" ind1=" " ind2=" ">
    <subfield code="a">OLA</subfield>
    <subfield code="c">OLA</subfield>
    <subfield code="d">OCLCQ</subfield>
  </datafield>
  <datafield tag="043" ind1=" " ind2=" ">
    <subfield code="a">n-us---</subfield>
  </datafield>
  <datafield tag="049" ind1=" " ind2=" ">
    <subfield code="a">BEUA</subfield>
  </datafield>
  <datafield tag="090" ind1=" " ind2=" ">
    <subfield code="a">TD427.A68</subfield>
    <subfield code="b">E9 2002</subfield>
  </datafield>
  <datafield tag="245" ind1="0" ind2="0">
    <subfield code="a">Exotics to go</subfield>
    <subfield code="h">[electronic resource] :</subfield>
    <subfield code="b">fast food for outreach.</subfield>
  </datafield>
  <datafield tag="246" ind1="3" ind2="0">
    <subfield code="a">Fast food for outreach</subfield>
  </datafield>
  <datafield tag="246" ind1="1" ind2=" ">
    <subfield code="i">Title on container:</subfield>
    <subfield code="a">Exotics to go :</subfield>
    <subfield code="b">presentations &amp; publications to prevent the spread of aquatic nuisance species</subfield>
  </datafield>
  <datafield tag="246" ind1="3" ind2="0">
    <subfield code="a">Presentations and publications to prevent the spread of aquatic nuisance species</subfield>
  </datafield>
  <datafield tag="260" ind1=" " ind2=" ">
    <subfield code="a">[Duluth, Minn. :</subfield>
    <subfield code="b">Great Lakes Sea Grant Network],</subfield>
    <subfield code="c">2002.</subfield>
  </datafield>
  <datafield tag="300" ind1=" " ind2=" ">
    <subfield code="a">1 CD-ROM :</subfield>
    <subfield code="b">col. ;</subfield>
    <subfield code="c">4 3/4 cm.</subfield>
  </datafield>
  <datafield tag="500" ind1=" " ind2=" ">
    <subfield code="a">Title from disc label.</subfield>
  </datafield>
  <datafield tag="500" ind1=" " ind2=" ">
    <subfield code="a">[P]roduced by the Illinois-Indiana and Minnesota Sea Grant programs on behalf of the Great Lakes sea Grant Network"--Container.</subfield>
  </datafield>
  <datafield tag="500" ind1=" " ind2=" ">
    <subfield code="a">"[D]eveloped by the Great Lakes Sea Grant Network especially for lake associations, natural resource agency staff, and extension educators"--Container.</subfield>
  </datafield>
  <datafield tag="500" ind1=" " ind2=" ">
    <subfield code="a">"Funding for this project was provided by a grant from the U.S. National Oceanic and Atmospheric Administration to the National Sea Grant College Program through an appropriation by Congress based on the National Invasive Species Act of 1996"--Container.</subfield>
  </datafield>
  <datafield tag="500" ind1=" " ind2=" ">
    <subfield code="a">"June 2002"--Container.</subfield>
  </datafield>
  <datafield tag="516" ind1=" " ind2=" ">
    <subfield code="a">Electronic text and image data.</subfield>
  </datafield>
  <datafield tag="520" ind1=" " ind2=" ">
    <subfield code="a">Contains 7 Powerpoint presentations that also are available in QuickTime format that address zebra mussel impacts and control. Identification and control of nonindigenous aquatic pests are included, replete with directories of regional contacts for aquatic nuisance species.</subfield>
  </datafield>
  <datafield tag="538" ind1=" " ind2=" ">
    <subfield code="a">System requirements: IBM-compatible PC; CD-ROM drive; Adobe Acrobat reader (Acrobat 4.0 installer included on disc); PowerPoint software, or QuickTime software (Quicktime 5 installer included on disc).</subfield>
  </datafield>
  <datafield tag="650" ind1=" " ind2="0">
    <subfield code="a">Nonindigenous aquatic pests</subfield>
    <subfield code="x">Control</subfield>
    <subfield code="x">Environmental aspects</subfield>
    <subfield code="z">Great Lakes (North America).</subfield>
  </datafield>
  <datafield tag="650" ind1=" " ind2="0">
    <subfield code="a">Zebra mussel</subfield>
    <subfield code="x">Control</subfield>
    <subfield code="x">Environmental aspects</subfield>
    <subfield code="z">Great Lakes (North America).</subfield>
  </datafield>
  <datafield tag="650" ind1=" " ind2="0">
    <subfield code="a">Marine fouling organisms</subfield>
    <subfield code="x">Control</subfield>
    <subfield code="x">Environmental aspects</subfield>
    <subfield code="z">Great Lakes (North America).</subfield>
  </datafield>
  <datafield tag="650" ind1=" " ind2="0">
    <subfield code="a">Marine biological invasions</subfield>
    <subfield code="x">Management</subfield>
    <subfield code="z">Great Lakes (North America).</subfield>
  </datafield>
  <datafield tag="655" ind1=" " ind2="7">
    <subfield code="a">CD-ROMs.</subfield>
    <subfield code="2">aat</subfield>
  </datafield>
  <datafield tag="710" ind1="2" ind2=" ">
    <subfield code="a">Great Lakes Sea Grant Network.</subfield>
  </datafield>
  <datafield tag="710" ind1="2" ind2=" ">
    <subfield code="a">Illinois-Indiana Sea Grant Program.</subfield>
  </datafield>
  <datafield tag="710" ind1="2" ind2=" ">
    <subfield code="a">Minnesota Sea Grant College Program.</subfield>
  </datafield>
  <datafield tag="710" ind1="2" ind2=" ">
    <subfield code="a">National Sea Grant College Program (U.S.)</subfield>
  </datafield>
  <datafield tag="852" ind1="8" ind2=" ">
    <subfield code="a">MiU-H</subfield>
    <subfield code="b">BENT</subfield>
    <subfield code="h">05134 Aa 2</subfield>
  </datafield>
  <datafield tag="997" ind1=" " ind2=" ">
    <subfield code="a">MARS</subfield>
  </datafield>
  <datafield tag="998" ind1=" " ind2=" ">
    <subfield code="c">BHL: LAC</subfield>
  </datafield>
  <datafield tag="955" ind1=" " ind2=" ">
    <subfield code="b">BENT</subfield>
    <subfield code="c">ELEC</subfield>
    <subfield code="p">B2417873</subfield>
  </datafield>
</record>
